@book{braga2020fundamentals,
  title={Fundamentals of pattern recognition and machine learning},
  author={Braga-Neto, Ulisses},
  year={2020},
  publisher={Springer}
}


@article{chandra2019langevin,
  title={Langevin-gradient parallel tempering for Bayesian neural learning},
  author={Chandra, Rohitash and Jain, Konark and Deo, Ratneel V and Cripps, Sally},
  journal={Neurocomputing},
  volume={359},
  pages={315--326},
  year={2019},
  publisher={Elsevier}
}

@article{chandra2021bayesian,
  title={Bayesian neural networks for stock price forecasting before and during COVID-19 pandemic},
  author={Chandra, Rohitash and He, Yixuan},
  journal={Plos one},
  volume={16},
  number={7},
  pages={e0253217},
  year={2021},
  publisher={Public Library of Science San Francisco, CA USA}
}